@Online{wiki-entropy,
  author = {Wikipedia},
  title  = {Entropy},
  url    = {https://en.wikipedia.org/wiki/Entropy},
}

@Online{wiki-boltzmann-entropy,
  author = {Wikipedia},
  title  = {Boltzmann's entropy formula},
  url    = {https://en.wikipedia.org/wiki/Boltzmann%27s_entropy_formula},
}

@Online{wiki-entropy-thermal,
  author = {Wikipedia},
  title  = {Entropy (Statistical Thermodynamics)},
  url    = {https://en.wikipedia.org/wiki/Entropy_(statistical_thermodynamics)},
}

@Online{wiki-2nd-law,
  author = {Wikipedia},
  title  = {Second law of thermodynamics},
  url    = {https://en.wikipedia.org/wiki/Second_law_of_thermodynamics},
}

@Online{wiki-shannon-theorem,
  author = {Wikipedia},
  title  = {Shannon's source coding theorem},
  url    = {https://en.wikipedia.org/wiki/Shannon%27s_source_coding_theorem},
}

@Online{wiki-entropy-black-hole,
  author = {Wikipedia},
  title  = {Black hole thermodynamics},
  url    = {https://en.wikipedia.org/wiki/Black_hole_thermodynamics},
}

@Online{microstate-probable,
  author = "Patch Thomas",
  title  = {When are all microstates equally probable?},
  url    = {https://physics.stackexchange.com/questions/317563/when-are-all-microstates-equally-probable},
}

@Online{black-hole-no-entropy,
  author = "Mozibur Ullah",
  title  = {Why did people think that black holes have zero entropy before the works of Bekenstein and Hawking?},
  url    = {https://physics.stackexchange.com/q/667962},
}

@Online{gibbs-boltzmann-entropies,
  author = {ACuriousMind},
  title  = {What is the conceptual difference between Gibbs and Boltzmann entropies?},
  url    = {https://physics.stackexchange.com/questions/141321/what-is-the-conceptual-difference-between-gibbs-and-boltzmann-entropies},
}

@Online{ukmt-imo-celebration-lecture-2024,
  author = "Nilanjana Datta and {UK Maths Trust}",
  title  = {Entropy -- ubiquitous, enigmatic \& unique, UKMT IMO Celebration Lecture 2024},
  url    = {https://youtu.be/VQ-RoiTU2ns},
}